@book{schmalstieg2016augmented,
  title={Augmented reality: principles and practice},
  author={Schmalstieg, Dieter and Hollerer, Tobias},
  year={2016},
  publisher={Addison-Wesley Professional}
}

@book{mems,
	title={MEMS, szenzorok},
	author={Tóth Tünde},
	year={2016},
	journal={Anyagtudomány MSc},
	publisher={Szegedi Tudományegyetem}
}

@incollection{kalantari2018exploring,
	title={Exploring the early adopters of augmented reality smart glasses: The case of Microsoft HoloLens},
	author={Kalantari, Mahdokht and Rauschnabel, Philipp},
	booktitle={Augmented reality and virtual reality},
	pages={229--245},
	year={2018},
	publisher={Springer}
}

@misc{arhardware,
	title = {The Best Augmented Reality Hardware in 2019},
	howpublished = {\url{https://www.onirix.com/learn-about-ar/the-best-augmented-reality-hardware-in-2019}},
	note = {Internet, 2020.}
}

@misc{opencvcalib,
	title = {OpenCV Camera Calibration},
	howpublished = {\url{https://medium.com/@aliyasineser/opencv-camera-calibration-e9a48bdd1844}},
	note = {Internet, 2020.}
}

@misc{arucotracking,
	title = {ArUco Marker Tracking with OpenCV},
	howpublished = {\url{https://medium.com/@aliyasineser/aruco-marker-tracking-with-opencv-8cb844c26628}},
	note = {Internet, 2020.}
}

@incollection{stachniss2016simultaneous,
	title={Simultaneous localization and mapping},
	author={Stachniss, Cyrill and Leonard, John J and Thrun, Sebastian},
	booktitle={Springer Handbook of Robotics},
	pages={1153--1176},
	year={2016},
	publisher={Springer}
}

@inproceedings{hanafi2019comparative,
	title={A comparative Study of Augmented Reality SDKs to Develop an Educational Application in Chemical Field},
	author={Hanafi, Anasse and Elaachak, Lotfi and Bouhorma, Mohammed},
	booktitle={Proceedings of the 2nd International Conference on Networking, Information Systems \& Security},
	pages={1--8},
	year={2019}
}

@inproceedings{avola2016practical,
	title={A practical framework for the development of augmented reality applications by using ArUco markers},
	author={Avola, Danilo and Cinque, Luigi and Foresti, Gian Luca and Mercuri, Cristina and Pannone, Daniele},
	booktitle={International Conference on Pattern Recognition Applications and Methods},
	volume={2},
	pages={645--654},
	year={2016},
	organization={SCITEPRESS}
}

@book{madsen2016opengl,
	title={OpenGL Game Development By Example},
	author={Madsen, Robert and Madsen, Stephen},
	year={2016},
	publisher={Packt Publishing Ltd}
}

@inproceedings{sohan2017study,
	title={A study of the effectiveness of usage examples in REST API documentation},
	author={Sohan, SM and Maurer, Frank and Anslow, Craig and Robillard, Martin P},
	booktitle={2017 IEEE Symposium on Visual Languages and Human-Centric Computing (VL/HCC)},
	pages={53--61},
	year={2017},
	organization={IEEE}
}

@inproceedings{tiwari2016introduction,
	title={An introduction to QR code technology},
	author={Tiwari, Sumit},
	booktitle={2016 International Conference on Information Technology (ICIT)},
	pages={39--44},
	year={2016},
	organization={IEEE}
}

@book{garrido2018opencv,
	title={OpenCV 3. x with Python By Example-: Make the most of OpenCV and Python to build applications for object recognition and augmented reality},
	author={Garrido, Gabriel and Joshi, Prateek},
	year={2018},
	publisher={Packt Publishing}
}

@misc{objloader,
	author = {PyGame},
	title = {Wavefront OBJ loader},
	howpublished = {\url{https://www.pygame.org/wiki/OBJFileLoader}},
	note = {Internet, 2020.}
}

@misc{blenderar,
	author = {R. D. Milligan},
	title = {Augmented Reality using OpenCV, OpenGL and Blender},
	howpublished = {\url{https://rdmilligan.wordpress.com/2015/10/15/augmented-reality-using-opencv-opengl-and-blender}},
	note = {Internet, 2020.}
}

@misc{pycube,
	author = {OpenGL Samples},
	title = {How to make an OpenGL/Glut Cube in Python},
	howpublished = {\url{http://openglsamples.sourceforge.net/cube_py.html}},
	note = {Internet, 2020.}
}
